% Encoding: UTF-8

@InProceedings{Sellers2016,
  author    = {Graham Sellers},
  title     = {Vulkan memory allocation},
  booktitle = {GDC: Vulkan Event},
  year      = {2016},
}

@Comment{jabref-meta: databaseType:bibtex;}
