% Encoding: UTF-8

@InProceedings{Carpentier2017,
  author    = {Giliam de Carpentier and Kohei Ishiyama},
  title     = {Decima Engine: Advances in Lighting and AA},
  booktitle = {SIGGRAPH Course: Advances in Real-Time Rendering in Games},
  year      = {2017},
}

@InProceedings{Hill2016,
  author    = {Stephen Hill and Eric Heitz},
  title     = {Real-Time Area Lighting: a Journey from Research to Production},
  booktitle = {SIGGRAPH},
  year      = {2016},
}

@Article{Karis2013,
  author  = {Brian Karis},
  title   = {Real Shading in Unreal Engine 4},
  journal = {SIGGRAPH Course: Physically Based Shading in Theory and Practice},
  year    = {2013},
}

@Article{Picott1992,
  author  = {Picott, Kevin P},
  title   = {Extensions of the linear and area lighting models},
  journal = {IEEE Computer Graphics and Applications},
  year    = {1992},
  volume  = {12},
  number  = {2},
  pages   = {31--38},
}

@InProceedings{Bruneton2008,
  author       = {Bruneton, Eric and Neyret, Fabrice},
  title        = {Precomputed atmospheric scattering},
  booktitle    = {Computer Graphics Forum},
  year         = {2008},
  volume       = {27},
  number       = {4},
  organization = {Wiley Online Library},
  pages        = {1079--1086},
}

@InProceedings{Elek2009,
  author    = {Elek, Oskar},
  title     = {Rendering parametrizable planetary atmospheres with multiple scattering in real-time},
  booktitle = {Proceedings of the Central European Seminar on Computer Graphics},
  year      = {2009},
}

@InProceedings{Hillaire2016,
  author    = {Sebastien Hillaire},
  title     = {Physically Based Sky, Atmosphere and Cloud Rendering in Frostbite},
  booktitle = {SIGGRAPH Course: Physically Based Shading in Theory and Practice},
  year      = {2016},
}

@Book{Chandrasekhar1960,
  author = {Subrahmanyan Chandrasekhar},
  title  = {Radiative Transfer},
  year   = {1960},
}

@Book{Jensen2001,
  author    = {Jensen, Henrik Wann},
  title     = {Realistic image synthesis using photon mapping},
  year      = {2001},
  publisher = {AK Peters, Ltd.},
}

@InProceedings{Nishita1993,
  author       = {Nishita, Tomoyuki and Sirai, Takao and Tadamura, Katsumi and Nakamae, Eihachiro},
  title        = {Display of the earth taking into account atmospheric scattering},
  booktitle    = {Proceedings of the 20th annual conference on Computer graphics and interactive techniques},
  year         = {1993},
  organization = {ACM},
  pages        = {175--182},
}

@InProceedings{Hoffman2002,
  author    = {Hoffman, Nathaniel and Preetham, Arcot J and others},
  title     = {Rendering outdoor light scattering in real time},
  booktitle = {Proceedings of Game Developer Conference},
  year      = {2002},
  volume    = {2002},
  pages     = {337--352},
}

@InProceedings{Wenzel2007,
  author       = {Wenzel, Carsten},
  title        = {Real-time atmospheric effects in games revisited},
  booktitle    = {ACM SIGGRAPH Courses},
  year         = {2007},
  organization = {ACM},
  pages        = {113--128},
}

@Misc{Yusov2013,
  author  = {Egor Yusov},
  title   = {Outdoor Light Scattering Sample Update},
  year    = {2013},
  url     = {https://software.intel.com/en-us/blogs/2013/09/19/otdoor-light-scattering-sample-update},
  urldate = {2017-12-14},
}

@InProceedings{Jimenez2012,
  author       = {Jimenez, Jorge and Echevarria, Jose I and Sousa, Tiago and Gutierrez, Diego},
  title        = {SMAA: Enhanced subpixel morphological antialiasing},
  booktitle    = {Computer Graphics Forum},
  year         = {2012},
  volume       = {31},
  number       = {2pt1},
  organization = {Wiley Online Library},
  pages        = {355--364},
}

@Article{Akenine-Moeller2002,
  author  = {Akenine-M{\"o}ller, Tomas},
  title   = {FLIPQUAD: Low-Cost Multisampling Rasterization},
  journal = {Chalmers University of Technology Technical Report},
  year    = {2002},
  pages   = {02--04},
}

@Article{Drobot2015,
  author        = {Drobot, Michal},
  title         = {Hybrid reconstruction antialiasing},
  journal       = {GPU Pro 6: Advanced Rendering Techniques},
  year          = {2015},
  pages         = {101},
  __markedentry = {[sugawara:]},
  publisher     = {CRC Press},
}

@Comment{jabref-meta: databaseType:biblatex;}
