% Encoding: UTF-8

@InProceedings{ODonnell2017,
  author    = {Yuriy O'Donnell},
  title     = {FrameGraph: Extensible Rendering Architecture in Frostbite},
  booktitle = {GDC},
  year      = {2017},
}

@Comment{jabref-meta: databaseType:biblatex;}
