% Encoding: UTF-8

@InProceedings{Schott2016,
  author    = {Mathias Schott and Lars M. Bishop},
  title     = {High-performance, Low-Overhead Rendering with OpenGL and Vulkan},
  booktitle = {GDC},
  year      = {2016},
}

@Comment{jabref-meta: databaseType:bibtex;}
