% Encoding: UTF-8

@InProceedings{Drobot2013,
  author    = {Michal Drobot},
  title     = {Lighting of Killzone: Shadow Fall},
  booktitle = {Digital Dragons},
  year      = {2013},
}

@InProceedings{Karis2013,
  author    = {Brian Karis},
  title     = {Real Shading in Unreal Engine 4},
  booktitle = {SIGGRAPH Course: Physically Based Shading in Theory and Practice},
  year      = {2013},
}

@InProceedings{Harduin2013,
  author    = {Laurent Harduin and Sebastien Lagarde},
  title     = {The Art and Rendering of Remember Me},
  booktitle = {GDC Europe},
  year      = {2013},
}

@InProceedings{Kojima2013,
  author    = {Hideo Kojima and Hideki Sasaki and Masayuki Suzuki and Junji Tago},
  title     = {Photorealism Through the Eyes of a FOX: The Core of Metal Gear Solid Ground Zeroes},
  booktitle = {GDC},
  year      = {2013},
}

@Comment{jabref-meta: databaseType:biblatex;}
