% Encoding: UTF-8

@InProceedings{Walter2007,
  author    = {Bruce Walter and Stephen R. Marschner and Hongsong Li and Kenneth E. Torrance},
  title     = {Microfacet Models for Refraction through Rough Surfaces},
  booktitle = {EGSR 2007},
  year      = {2007},
}

@InProceedings{Heitz2017,
  author    = {Eric Heitz and Stephen Hill},
  title     = {Real-Time Line- and Disk-Light Shading with Linearly Transformed Cosines},
  booktitle = {SIGGRAPH 2017},
  year      = {2017},
}

@InProceedings{Neubelt2015,
  author    = {David Neubelt and Matt Pettineo},
  title     = {Advanced Lighting R\&D at Ready At Dawn Studios},
  booktitle = {SIGGRAPH 2015},
  year      = {2015},
}

@Inproceeding{Fry2017,
  author    = {Alex Fry},
  title     = {High Dynamic Range color grading and display in Frostbite},
  year      = {2017},
  booktitle = {GDC 2017},
}

@Inproceeding{McLaren2015,
  author    = {James McLaren},
  title     = {The Technology of The Tomorrow Children},
  year      = {2015},
  booktitle = {GDC 2015},
}

@InProceedings{Sousa2016,
  author    = {Tiago Sousa and Jean Geffroy},
  title     = {The devil is in the details: idTech 666},
  booktitle = {SIGGRAPH 2016},
  year      = {2016},
}

@InProceedings{ODonnell2017,
  author    = {Yuriy O'Donnell},
  title     = {FrameGraph: Extensible Rendering Architecture in Frostbite},
  booktitle = {GDC 2017},
  year      = {2017},
}

@InProceedings{Burley2012,
  author    = {Brent Burley},
  title     = {Physically Based Shading at Disney},
  booktitle = {SIGGRAPH 2012},
  year      = {2012},
}

@InProceedings{Heitz2014,
  author    = {Eric Heitz},
  title     = {Understanding the Masking-Shadowing Function in Microfacet-Based BRDFs},
  booktitle = {JCGT 2014},
  year      = {2014},
}

@InProceedings{Hoffman2015,
  author    = {Naty Hoffman},
  title     = {Physics and Math of Shading},
  booktitle = {SIGGRAPH 2015},
  year      = {2015},
}

@InProceedings{Hoffman2016,
  author    = {Naty Hoffman},
  title     = {Recent Advances in Physically Based Shading},
  booktitle = {SIGGRAPH 2016},
  year      = {2016},
}

@InProceedings{Olsson2012,
  author    = {Ola Olsson and Markus Billeter and Ulf Assarsson},
  title     = {Clustered Deferred and Forward Shading},
  booktitle = {HPG 2012},
  year      = {2012},
}

@InProceedings{Burns2013,
  author    = {Christopher A. Burns and Warren A. Hunt},
  title     = {The Visibility Buffer: A Cache-Friendly Approach to Deferred Shading},
  booktitle = {JCGT 2013},
  year      = {2013},
}

@InProceedings{Olsson2014,
  author    = {Ola Olsson},
  title     = {Introduction to Real-Time Shading with Many Lights},
  booktitle = {SIGGRAPH 2014},
  year      = {2014},
}

@InProceedings{Oosten2015,
  author    = {Jeremiah van Oosten},
  title     = {Forward vs Deferred vs Forward+ Rendering with DirectX 11},
  booktitle = {3D Game Engine Programming},
  year      = {2015},
  url       = {https://www.3dgep.com/forward-plus/},
}

@InProceedings{Reinalter2015,
  author    = {Stefan Reinalter},
  title     = {Job System 2.0: Lock-Free Work Stealing},
  booktitle = {molecular matters},
  year      = {2015},
  url       = {https://blog.molecular-matters.com/2015/08/24/job-system-2-0-lock-free-work-stealing-part-1-basics/},
}

@InProceedings{Gyrling2015,
  author    = {Christian Gyrling},
  title     = {Parallelizing the Naughty Dog engine using fibers},
  booktitle = {GDC 2015},
  year      = {2015},
}

@Proceedings{Zsolnai-Feher2015,
  title  = {TU Wien Rendering},
  year   = {2015},
  url    = {https://www.youtube.com/watch?v=pjc1QAI6zS0},
  author = {K{\'a}roly Zsolnai-Feh{\'e}r and Thomas Auzinger},
}

@InProceedings{Olson2016,
  author    = {Tom Olson},
  title     = {Vulkan 101},
  booktitle = {Moving to Vulkan: How to make your 3D graphics more explicit},
  year      = {2016},
}

@InProceedings{Worcester2016,
  author    = {Michael Worcester},
  title     = {Command Buffer and Pipelines},
  booktitle = {Moving to Vulkan: How to make your 3D graphics more explicit},
  year      = {2016},
}

@InProceedings{Barker2016,
  author    = {Jesse Barker},
  title     = {Feeding Your Shaders},
  booktitle = {Moving to Vulkan: How to make your 3D graphics more explicit},
  year      = {2016},
}

@InProceedings{Garrard2016,
  author    = {Andrew Garrard},
  title     = {Vulkan Subpasses or The Frame Buffer is Lava},
  booktitle = {Moving to Vulkan: How to make your 3D graphics more explicit},
  year      = {2016},
}

@InProceedings{Hector2016,
  author    = {Tobias Hector},
  title     = {Keeping your GPU fed without getting bitten},
  booktitle = {Moving to Vulkan: How to make your 3D graphics more explicit},
  year      = {2016},
}

@InProceedings{Heitz2016,
  author    = {Eric Heitz and Jonathan Dupuy and Stephen Hill and David Neubelt},
  title     = {Real-Time Polygonal-Light Shading with Linearly Transformed Cosines},
  booktitle = {SIGGRAPH 2016},
  year      = {2016},
}

@InProceedings{Lagarde2014,
  author    = {SÃ©bastien Lagarde and Charles de Rousiers},
  title     = {Moving Frostbite to Physically Based Rendering},
  booktitle = {SIGGRAPH 2014},
  year      = {2014},
}

@InProceedings{Thomas2017,
  author    = {Gareth Thomas},
  title     = {D3D12 \& Vulkan Done Right},
  booktitle = {GDC 2017},
  year      = {2017},
}

@Article{Heitz2016b,
  author  = {Heitz, Eric and Hanika, Johannes and d'Eon, Eugene and Dachsbacher, Carsten},
  title   = {Multiple-scattering microfacet BSDFs with the Smith model},
  journal = {ACM Transactions on Graphics},
  year    = {2016},
}

@InProceedings{Chajdas2016,
  author    = {Matth{\"a}us G. Chajdas},
  title     = {D3D12 and Vulkan: Lessons learned},
  booktitle = {GDC 2016},
  year      = {2016},
}

@Article{Heitz2015,
  author    = {Heitz, Eric and Dupuy, Jonathan and Crassin, Cyril and Dachsbacher, Carsten},
  title     = {The SGGX microflake distribution},
  journal   = {ACM Transactions on Graphics (TOG)},
  year      = {2015},
  volume    = {34},
  number    = {4},
  pages     = {48},
  publisher = {ACM},
}

@InProceedings{Wihlidal2016,
  author    = {Graham Wihlidal},
  title     = {Optimizing the Graphics Pipeline With Compute},
  booktitle = {GDC},
  year      = {2016},
}

@InProceedings{Chajdas2017,
  author    = {Matth{\"a}us G. Chajdas},
  title     = {D3D12 \& Vulkan: Lessons learned},
  booktitle = {GDC},
  year      = {2017},
}

@Article{McGuire2014,
  author  = {McGuire, Morgan and Mara, Michael},
  title   = {Efficient GPU screen-space ray tracing},
  journal = {Journal of Computer Graphics Techniques (JCGT)},
  year    = {2014},
  volume  = {3},
  number  = {4},
  pages   = {73--85},
}

@InProceedings{Daniell2015,
  author    = {Piers Daniell},
  title     = {Vulkan on NVIDIA GPUs},
  booktitle = {SIGGRAPH},
  year      = {2015},
}

@InProceedings{Sellers2016,
  author    = {Graham Sellers},
  title     = {Vulkan memory allocation},
  booktitle = {GDC: Vulkan Event},
  year      = {2016},
}

@InProceedings{Sellers2016b,
  author    = {Graham Sellers and Timothy Lottes and Matth{\"a}us Chajdas},
  title     = {Vulkan Fast Paths},
  booktitle = {GDC},
  year      = {2016},
}

@InProceedings{Witczak2016,
  author    = {Dominik Witczak and Daniel Rakos and Derrick Owens},
  title     = {The Most Common Vulkan Mistakes},
  booktitle = {University of Lodz},
  year      = {2016},
}

@InProceedings{Schott2016,
  author    = {Mathias Schott and Lars M. Bishop},
  title     = {High-performance, Low-Overhead Rendering with OpenGL and Vulkan},
  booktitle = {GDC},
  year      = {2016},
}

@InProceedings{Caloca2016,
  author    = {Rolando Caloca},
  title     = {Porting UE4 to Vulkan},
  booktitle = {SIGGRAPH: Khronos 3D Graphics BoF},
  year      = {2016},
}

@InProceedings{Gneiting2016,
  author    = {Axel Gneiting},
  title     = {Porting DOOM to Vulkan},
  booktitle = {SIGGRAPH: Khronos 3D Graphics BoF},
  year      = {2016},
}

@InProceedings{McGuire2017,
  author        = {McGuire, Morgan and Mara, Mike and Nowrouzezahrai, Derek and Luebke, David},
  title         = {Real-time global illumination using precomputed light field probes},
  booktitle     = {SIGGRAPH},
  year          = {2017},
  organization  = {ACM},
  pages         = {2},
  __markedentry = {[sugawara:]},
}

@InProceedings{Hebert2016,
  author    = {Chris Hebert},
  title     = {Moving Forward with Vulkan - Pipelining Memory Operations},
  booktitle = {SIGGRAPH: Khronos 3D Graphics BoF},
  year      = {2016},
}

@InProceedings{Hector2016b,
  author    = {Tobias Hector},
  title     = {Best Practices: Render Passes \& Scheduling},
  booktitle = {SIGGRAPH: Khronos 3D Graphics BoF},
  year      = {2016},
}

@InProceedings{Archard2016,
  author    = {Dan Archard},
  title     = {Pipeline State Object Caching},
  booktitle = {SIGGRAPH: Khronos 3D Graphics BoF},
  year      = {2016},
}

@InProceedings{Hodes2016,
  author    = {Stephan Hodes and Dan Baker and Dave Oldcorn},
  title     = {Right on Queue},
  booktitle = {GDC},
  year      = {2016},
}

@InProceedings{Hodes2017,
  author    = {Stephan Hodes and Alex Dunn},
  title     = {Deep Dive: Asynchronous Compute},
  booktitle = {GDC},
  year      = {2017},
}

@Misc{Themaister2017,
  author  = {Themaister},
  title   = {Render graphs and Vulkan - a deep dive},
  year    = {2017},
  url     = {http://themaister.net/blog/2017/08/15/render-graphs-and-vulkan-a-deep-dive/},
  urldate = {2017-10-03},
}

@InProceedings{Lorach2016,
  author    = {Tristan Lorach},
  title     = {Vulkan: the essentials},
  booktitle = {GDC},
  year      = {2016},
}

@InProceedings{Thomas2016,
  author    = {Gareth Thomas and Alex Dunn},
  title     = {Practical DirectX 12 - Programming Model and Hardware Capabilities},
  booktitle = {GDC},
  year      = {2016},
}

@Article{Mara2016,
  author  = {M. Mara and M. McGuire and D. Nowrouzezahrai and D. Luebke},
  title   = {Deep G-Buffers for Stable Global Illumination Approximation},
  journal = {High Performance Graphics},
  year    = {2016},
}

@InProceedings{Lauritzen2010,
  author    = {Andrew Lauritzen and Marco Salvi and Aaron Lefohn},
  title     = {Sample Distribution Shadow Maps},
  booktitle = {SIGGRAPH Course: Advances in Real-Time Rendering in 3D Graphics and Games},
  year      = {2010},
}

@InProceedings{Carpentier2017,
  author    = {Giliam de Carpentier and Kohei Ishiyama},
  title     = {Decima Engine: Advances in Lighting and AA},
  booktitle = {SIGGRAPH Course: Advances in Real-Time Rendering in Games},
  year      = {2017},
}

@InProceedings{Sousa2013,
  author    = {Tiago Sousa},
  title     = {CRYENGINE3 Graphics Gems},
  booktitle = {SIGGRAPH},
  year      = {2013},
}

@InProceedings{Drobot2017,
  author    = {Michal Drobot},
  title     = {Improved Culling for Tiled and Clustered Rendering},
  booktitle = {SIGGRAPH Course: Advances in Real-Time Rendering in Games},
  year      = {2017},
}

@InProceedings{Garawany2016,
  author    = {Ramy El Garawany},
  title     = {Deferred Lighting in Uncharted 4},
  booktitle = {SIGGRAPH Course: Advances in Real-Time Rendering in Games},
  year      = {2016},
}

@Comment{jabref-meta: databaseType:biblatex;}
