% Encoding: UTF-8

@InProceedings{Burley2012,
  author    = {Burley, Brent},
  title     = {Physically Based shading at Disney},
  booktitle = {ACM SIGGRAPH Course: Practical Physically Based Shading in Film and Game Production},
  year      = {2012},
}

@Article{Ashikhmin2000,
  author    = {Michael Ashikhmin and Peter Shirley},
  title     = {An anisotropic {P}hong BRDF model},
  journal   = {Journal of Graphics Tools},
  year      = {2000},
  volume    = {5},
  number    = {2},
  pages     = {25--32},
  publisher = {Taylor \& Francis},
}

@InProceedings{He1991,
  author       = {He, Xiao D and Torrance, Kenneth E and Sillion, Francois X and Greenberg, Donald P},
  title        = {A Comprehensive Physical Model for Light Reflection},
  booktitle    = {ACM SIGGRAPH},
  year         = {1991},
  volume       = {25},
  number       = {4},
  organization = {ACM},
  pages        = {175--186},
}

@InProceedings{Ngan2005,
  author    = {Ngan, Addy and Durand, Fr{\'e}do and Matusik, Wojciech},
  title     = {Experimental Analysis of BRDF Models},
  booktitle = {Eurographics Symposium on Rendering},
  year      = {2005},
  pages     = {117--126},
}

@InProceedings{Matusik2003,
  author    = {Matusik, Wojciech and Pfister, Hanspeter and Brand, Matt and McMillan, Leonard},
  title     = {A Data-driven Reflectance Model},
  booktitle = {ACM SIGGRAPH},
  year      = {2003},
  pages     = {759--769},
}

@InProceedings{Romeiro2008,
  author    = {Romeiro, Fabiano and Vasilyev, Yuriy and Zickler, Todd},
  title     = {Passive reflectometry},
  booktitle = {European Conference on Computer Vision 2008},
  year      = {2008},
  pages     = {859--872},
}

@Article{Pacanowski2012,
  author  = {Pacanowski, Romain and Celis, Oliver Salazar and Schlick, Christophe and Granier, Xavier and Poulin, Pierre and Cuyt, Annie},
  title   = {Rational brdf},
  journal = {IEEE transactions on visualization and computer graphics},
  year    = {2012},
  volume  = {18},
  number  = {11},
  pages   = {1824--1835},
}

@InProceedings{Oren1994,
  author    = {Oren, Michael and Nayar, Shree K.},
  title     = {Generalization of Lambert's Reflectance Model},
  booktitle = {ACM SIGGRAPH},
  year      = {1994},
  pages     = {239--246},
}

@InProceedings{Hanrahan1993,
  author    = {Hanrahan, Pat and Krueger, Wolfgang},
  title     = {Reflection from Layered Surfaces Due to Subsurface Scattering},
  booktitle = {ACM SIGGRAPH},
  year      = {1993},
  pages     = {165--174},
}

@InProceedings{Walter2007,
  author    = {Bruce Walter and Stephen R. Marschner and Hongsong Li and Kenneth E. Torrance},
  title     = {Microfacet Models for Refraction through Rough Surfaces},
  booktitle = {Eurographics Symposium on Rendering},
  year      = {2007},
}

@Article{Loew2012,
  author  = {L\"{o}w, Joakim and Kronander, Joel and Ynnerman, Anders and Unger, Jonas},
  title   = {BRDF Models for Accurate and Efficient Rendering of Glossy Surfaces},
  journal = {ACM Trans. Graph.},
  year    = {2012},
  volume  = {31},
  number  = {1},
  pages   = {9:1--9:14},
}

@InProceedings{Bagher2012,
  author        = {Bagher, Mahdi M and Soler, Cyril and Holzschuch, Nicolas},
  title         = {Accurate fitting of measured reflectances using a Shifted Gamma micro-facet distribution},
  booktitle     = {Computer Graphics Forum},
  year          = {2012},
  volume        = {31},
  number        = {4},
  pages         = {1509--1518},
  __markedentry = {[sugawara:6]},
}

@Comment{jabref-meta: databaseType:biblatex;}
