% Encoding: UTF-8

@Misc{Leadbetter2009a,
  author  = {Richard Leadbetter},
  title   = {Xbox 360 vs. PS3 Face-Off: Round 22 • Page 4},
  year    = {2009},
  url     = {http://www.eurogamer.net/articles/xbox-360-vs-ps3-face-off-round-22-face-off?page=4},
  urldate = {2018-01-24},
}

@Article{Sousa2007,
  author  = {Sousa, Tiago},
  title   = {Vegetation procedural animation and shading in crysis},
  journal = {GPU Gems},
  year    = {2007},
  volume  = {3},
  pages   = {373--385},
}

@Article{Shishkovtsov2004,
  author  = {Shishkovtsov, Oles},
  title   = {Deferred shading in S.T.A.L.K.E.R.},
  journal = {GPU Gems},
  year    = {2004},
  volume  = {2},
  pages   = {143--166},
}

@InProceedings{Reshetov2009,
  author       = {Reshetov, Alexander},
  title        = {Morphological antialiasing},
  booktitle    = {Proceedings of the Conference on High Performance Graphics 2009},
  year         = {2009},
  organization = {ACM},
  pages        = {109--116},
}

@Article{Jimenez2011a,
  author  = {Jimenez, Jorge and Gutierrez, Diego and Yang, Jason and Reshetov, Alexander and Demoreuille, Pete and Berghoff, Tobias and Perthuis, Cedric and Yu, Henry and McGuire, Morgan and Lottes, Timothy and others},
  title   = {Filtering approaches for real-time anti-aliasing},
  journal = {ACM SIGGRAPH Courses},
  year    = {2011},
  volume  = {2},
  number  = {3},
  pages   = {4},
}

@Misc{Leadbetter2009b,
  author  = {Richard Leadbetter},
  title   = {DF on Saboteur's PS3 anti-aliasing},
  year    = {2009},
  url     = {http://www.eurogamer.net/articles/digitalfoundry-saboteur-aa-blog-entry},
  urldate = {2018-01-24},
}

@InProceedings{Persson2011,
  author    = {Emil Persson},
  title     = {Geometry Buffer Anti-Aliasing},
  booktitle = {SIGGRAPH Courses: Filtering Approaches for Real-Time Anti-Aliasing},
  year      = {2011},
}

@InProceedings{Demoreuille2011,
  author    = {Pete Demoreuille},
  title     = {Hybrid CPU/GPU MLAA (on the Xbox 360)},
  booktitle = {SIGGRAPH Courses: Filtering Approaches for Real-Time Anti-Aliasing},
  year      = {2011},
}

@InProceedings{Andreev2011,
  author    = {Dmitry Andreev},
  title     = {Anti-Aliasing From a Different Perspective},
  booktitle = {SIGGRAPH Courses: Filtering Approaches for Real-Time Anti-Aliasing},
  year      = {2011},
}

@InProceedings{Lottes2011,
  author    = {Timothy Lottes},
  title     = {FXAA 3.11 in 15 Slides},
  booktitle = {SIGGRAPH Courses: Filtering Approaches for Real-Time Anti-Aliasing},
  year      = {2011},
}

@InProceedings{Jimenez2011b,
  author    = {Jorge Jimenez},
  title     = {Jimenez's MLAA \& SMAA: Subpixel Morphological Anti-Aliasing},
  booktitle = {SIGGRAPH Courses: Filtering Approaches for Real-Time Anti-Aliasing},
  year      = {2011},
}

@InProceedings{Malan2011,
  author    = {Hugh Malan},
  title     = {Distance-to-edge AA (DEAA)},
  booktitle = {SIGGRAPH Courses: Filtering Approaches for Real-Time Anti-Aliasing},
  year      = {2011},
}

@InProceedings{Drobot2014a,
  author    = {Michal Drobot},
  title     = {Low Level Optimizations for GCN},
  booktitle = {Digital Dragons},
  year      = {2014},
}

@InProceedings{Valient2007,
  author    = {Valient, Michal},
  title     = {Deferred rendering in Killzone 2},
  booktitle = {Game Develop Conference 2007},
  year      = {2007},
}

@InProceedings{Perthuis2011,
  author    = {Cedric Perthuis and Tobias Berghoff},
  title     = {MLAA on PS3},
  booktitle = {SIGGRAPH Courses: Filtering Approaches for Real-Time Anti-Aliasing},
  year      = {2011},
}

@InProceedings{Nehab2007,
  author        = {Nehab, Diego and Sander, Pedro V and Lawrence, Jason and Tatarchuk, Natalya and Isidoro, John R},
  title         = {Accelerating real-time shading with reverse reprojection caching},
  booktitle     = {Graphics hardware},
  year          = {2007},
  volume        = {41},
  pages         = {61--62},
  __markedentry = {[sugawara:]},
}

@Misc{Greer2009,
  author  = {Jordan Greer},
  title   = {Why Gran Turismo PSP Looks So Good},
  year    = {2009},
  url     = {https://www.gtplanet.net/why-gran-turismo-psp-looks-so-good},
  urldate = {2018-01-24},
}

@Misc{Leadbetter2010,
  author  = {Richard Leadbetter},
  title   = {Tech Interview: Halo: Reach • Page 2},
  year    = {2010},
  url     = {http://www.eurogamer.net/articles/digitalfoundry-halo-reach-tech-interview?page=2},
  urldate = {2018-01-24},
}

@InProceedings{Jimenez2012,
  author       = {Jimenez, Jorge and Echevarria, Jose I and Sousa, Tiago and Gutierrez, Diego},
  title        = {SMAA: Enhanced subpixel morphological antialiasing},
  booktitle    = {Computer Graphics Forum},
  year         = {2012},
  volume       = {31},
  number       = {2pt1},
  organization = {Wiley Online Library},
  pages        = {355--364},
}

@InProceedings{Cao2016,
  author    = {Jerry Cao},
  title     = {Advanced Ambient Occlusion, Shadow and Anti-Aliasing in NVIDIA GameWorks},
  booktitle = {CGDC},
  year      = {2016},
}

@InProceedings{Sousa2013,
  author    = {Tiago Sousa},
  title     = {CRYENGINE3 Graphics Gems},
  booktitle = {SIGGRAPH},
  year      = {2013},
}

@InProceedings{Karis2014,
  author    = {Brian Karis},
  title     = {High-Quality Temporal Supersampling},
  booktitle = {SIGGRAPH},
  year      = {2014},
}

@InProceedings{Drobot2014b,
  author    = {Drobot, Michal},
  title     = {Hybrid reconstruction antialiasing},
  booktitle = {SIGGRAPH},
  year      = {2014},
}

@InProceedings{Salvi2016,
  author    = {Marco Salvi},
  title     = {An Excursion in Temporal Supersampling},
  booktitle = {GDC},
  year      = {2016},
}

@InProceedings{Jimenez2016,
  author    = {Jorge Jimenez},
  title     = {Filmic SMAA: Sharp Morphological Antialiasing},
  booktitle = {SIGGRAPH},
  year      = {2016},
}

@InProceedings{McGuire2011,
  author    = {Morgan McGuire and Matth{\"a}us Chajdas and Sergey Puchin and Miguel Sainz and David Luebke},
  title     = {SRAA: Subpixel Reconstruction Anti-Aliasing},
  booktitle = {SIGGRAPH Courses: Filtering Approaches for Real-Time Anti-Aliasing},
  year      = {2011},
}

@InProceedings{Malan2012,
  author    = {Hugh Malan},
  title     = {Real-Time Global Illumination and Reflections in Dust 514},
  booktitle = {SIGGRAPH},
  year      = {2012},
}

@InProceedings{Wihlidal2017,
  author    = {Graham Wihlidal},
  title     = {4k Checkerboard in Battlefield 1 and Mass Effect Andromeda},
  booktitle = {GDC},
  year      = {2017},
}

@InProceedings{Valient2014,
  author    = {Michal Valient},
  title     = {Reflections and Volumetrics of Killzone Shadow Fall},
  booktitle = {SIGGRAPH},
  year      = {2014},
}

@InProceedings{Jimenez2017b,
  author    = {Jorge Jimenez},
  title     = {Dynamic Temporal Antialiasing in Call of Duty: Infinite Warfare},
  booktitle = {SIGGRAPH},
  year      = {2017},
}

@InProceedings{Jimenez2017,
  author    = {Jorge Jimenez and Alexander Reshetov},
  title     = {MLAA From 2009 To 2017},
  booktitle = {HPC},
  year      = {2017},
}

@Comment{jabref-meta: databaseType:biblatex;}
