% Encoding: UTF-8

@InProceedings{1,
  author        = {Annen, Thomas and Kautz, Jan and Durand, Fr{\'e}do and Seidel, Hans-Peter},
  title         = {Spherical harmonic Gradients for Mid-Range Illumination.},
  booktitle     = {Rendering Techniques},
  year          = {2004},
  organization  = {Citeseer},
  pages         = {331--336},
  __markedentry = {[sugawara:6]},
}

@Comment{jabref-meta: databaseType:biblatex;}
