% Encoding: UTF-8

@InProceedings{Sousa2016,
  author    = {Tiago Sousa and Jean Geffroy},
  title     = {The devil is in the details: idTech 666},
  booktitle = {SIGGRAPH 2016},
  year      = {2016},
}

@InProceedings{Olsson2012,
  author    = {Ola Olsson and Markus Billeter and Ulf Assarsson},
  title     = {Clustered Deferred and Forward Shading},
  booktitle = {HPG 2012},
  year      = {2012},
}

@InProceedings{Persson2013,
  author    = {Emil Persson},
  title     = {Practical Clustered Shading},
  booktitle = {SIGGRAPH},
  year      = {2013},
}

@InProceedings{Sousa2013,
  author    = {Tiago Sousa},
  title     = {CRYENGINE3 Graphics Gems},
  booktitle = {SIGGRAPH},
  year      = {2013},
}

@Misc{Jansen2011,
  author  = {Jon Jansen and Louis Bavoil},
  title   = {Fast rendering of opacity-mapped particles using DirectX 11 tessellation and mixed resolutions},
  year    = {2011},
  url     = {http://developer.download.nvidia.com/assets/gamedev/files/sdk/11/OpacityMappingSDKWhitePaper.pdf},
  urldate = {2018-01-25},
}

@Article{Nguyen2004,
  author  = {Hubert Nguyen},
  title   = {Fire in the "Vulcan" Demo},
  journal = {GPU Gems},
  year    = {2004},
}

@Misc{Nishikawa2007,
  author  = {西川, 善司},
  title   = {西川善司の3Dゲームファンのための「ロスト プラネット」グラフィックス講座},
  year    = {2007},
  url     = {https://game.watch.impress.co.jp/docs/20070131/3dlp.htm},
  urldate = {2018-01-25},
}

@InProceedings{Fuller2015,
  author    = {Martin Fuller},
  title     = {GPU Best Practices (Part 2)},
  booktitle = {Xfest},
  year      = {2015},
}

@Misc{AMD2012,
  author  = {AMD},
  title   = {Southern Islands Series Instruction Set Architecture},
  year    = {2012},
  url     = {https://developer.amd.com/wordpress/media/2012/12/AMD_Southern_Islands_Instruction_Set_Architecture.pdf},
  urldate = {2018-01-25},
}

@Misc{Chajdas2016,
  author  = {Matthaeus Chajdas},
  title   = {GCN Shader Extensions for Direct3D and Vulkan},
  year    = {2016},
  url     = {https://gpuopen.com/gcn-shader-extensions-for-direct3d-and-vulkan/},
  urldate = {2018-01-25},
}

@InProceedings{Waveren2009,
  author    = {J.M.P. van Waveren},
  title     = {id Tech 5 Challenges},
  booktitle = {SIGGRAPH},
  year      = {2009},
}

@Misc{Toksvig2006,
  author  = {Michael Toksvig},
  title   = {Mipmapping Normal Maps},
  year    = {2006},
  url     = {http://www.nvidia.com/object/mipmapping_normal_maps.html},
  urldate = {2018-01-25},
}

@Book{Akenine-Moeller2008,
  author = {Tomas Akenine-Moeller and Eric Haines and Naty Hoffman},
  title  = {Real-Time Rendering, Third Edition},
  year   = {2008},
}

@InProceedings{Lazarov2011,
  author    = {Dimitar Lazarov},
  title     = {Physically Based Lighting in Call of Duty: Black Ops},
  booktitle = {SIGGRAPH},
  year      = {2011},
}

@Misc{Hill2011,
  author  = {Stephen Hill},
  title   = {Specular Showdown in the Wild West},
  year    = {2011},
  url     = {http://blog.selfshadow.com/2011/07/22/specular-showdown/},
  urldate = {2018-01-25},
}

@Comment{jabref-meta: databaseType:biblatex;}
