% Encoding: UTF-8

@InProceedings{Drobot2017b,
  author    = {Michal Drobot},
  title     = {Rendering of Call of Duty: Infinite Warfare},
  booktitle = {Digital Dragons},
  year      = {2017},
}

@InProceedings{Sousa2016,
  author    = {Tiago Sousa and Jean Geffroy},
  title     = {The devil is in the details: idTech 666},
  booktitle = {SIGGRAPH 2016},
  year      = {2016},
}

@InProceedings{Sousa2011,
  author    = {Tiago Sousa and Nickolay Kasyan and Nicolas Schulz},
  title     = {Secrets of CryENGINE 3 Graphics Technology},
  booktitle = {SIGGRAPH Course: Advances in Real-Time Rendering in 3D Graphics and Games},
  year      = {2011},
}

@InProceedings{Manson2016,
  author       = {Manson, Josiah and Sloan, Peter-Pike},
  title        = {Fast filtering of reflection probes},
  booktitle    = {Computer Graphics Forum},
  year         = {2016},
  volume       = {35},
  number       = {4},
  organization = {Wiley Online Library},
  pages        = {119--127},
}

@InProceedings{Wronski2014,
  author    = {Wronski, B},
  title     = {Volumetric fog: Unified compute shader vased solution to atmospheric scattering},
  booktitle = {ACM SIGGRAPH},
  year      = {2014},
}

@Article{Cigolle2014,
  author  = {Cigolle, Zina H and Donow, Sam and Evangelakos, Daniel and Mara, Michael and McGuire, Morgan and Meyer, Quirin},
  title   = {A survey of efficient representations for independent unit vectors},
  journal = {Journal of Computer Graphics Techniques},
  year    = {2014},
  volume  = {3},
  number  = {2},
}

@InProceedings{Gautron2011,
  author       = {Gautron, Pascal and Delalandre, Cyril and Marvie, Jean-Eudes},
  title        = {Extinction transmittance maps},
  booktitle    = {SIGGRAPH Asia 2011 Sketches},
  year         = {2011},
  organization = {ACM},
  pages        = {7},
}

@Article{Drobot2015,
  author    = {Drobot, Michal},
  title     = {Hybrid reconstruction antialiasing},
  journal   = {GPU Pro 6: Advanced Rendering Techniques},
  year      = {2015},
  pages     = {101},
  publisher = {CRC Press},
}

@Article{Lazarov2013,
  author  = {Lazarov, Dimitar},
  title   = {Getting more physical in call of duty: Black ops ii},
  journal = {SIGGRAPH Course Notes: Physically Based Shading in Theory and Practice},
  year    = {2013},
}

@InProceedings{Hillaire2015,
  author    = {Sebastien Hillaire},
  title     = {Physically-based \& Unified Volumetric Rendering in Frostbite},
  booktitle = {SIGGRAPH},
  year      = {2015},
}

@InProceedings{Olano2010,
  author       = {Olano, Marc and Baker, Dan},
  title        = {LEAN mapping},
  booktitle    = {Proceedings of the 2010 ACM SIGGRAPH symposium on Interactive 3D Graphics and Games},
  year         = {2010},
  organization = {ACM},
  pages        = {181--188},
}

@Misc{Hill2011,
  author  = {Stephen Hill},
  title   = {Specular Showdown in the Wild West},
  year    = {2011},
  url     = {http://blog.selfshadow.com/2011/07/22/specular-showdown/},
  urldate = {2017-10-20},
}

@InProceedings{Vlachos2015,
  author        = {Vlachos, A},
  title         = {Advanced {VR} rendering},
  booktitle     = {Game Developers Conference},
  year          = {2015},
  __markedentry = {[sugawara:]},
}

@Comment{jabref-meta: databaseType:biblatex;}
