% Encoding: UTF-8

@InProceedings{Lauritzen2010,
  author    = {Andrew Lauritzen and Marco Salvi and Aaron Lefohn},
  title     = {Sample Distribution Shadow Maps},
  booktitle = {SIGGRAPH Course: Advances in Real-Time Rendering in 3D Graphics and Games},
  year      = {2010},
}

@InProceedings{Lloyd2006,
  author    = {Lloyd, Brandon and Tuft, David and Yoon, Sung-eui and Manocha, Dinesh and others},
  title     = {Warping and Partitioning for Low Error Shadow Maps.},
  booktitle = {Rendering Techniques},
  year      = {2006},
  pages     = {215--226},
}

@Article{Engel2006,
  author    = {Engel, Wolfgang},
  title     = {Cascaded shadow maps},
  journal   = {ShaderX5: Advanced Rendering Techniques},
  year      = {2006},
  volume    = {1},
  publisher = {Shaderx series. Charles River Media, Inc},
}

@Article{Johnson2005,
  author    = {Johnson, Gregory S and Lee, Juhyun and Burns, Christopher A and Mark, William R},
  title     = {The irregular Z-buffer: Hardware acceleration for irregular data structures},
  journal   = {ACM Transactions on Graphics (TOG)},
  year      = {2005},
  volume    = {24},
  number    = {4},
  pages     = {1462--1482},
  publisher = {ACM},
}

@Article{Lefohn2007,
  author    = {Lefohn, Aaron E and Sengupta, Shubhabrata and Owens, John D},
  title     = {Resolution-matched shadow maps},
  journal   = {ACM Transactions on Graphics (TOG)},
  year      = {2007},
  volume    = {26},
  number    = {4},
  pages     = {20},
  publisher = {ACM},
}

@InProceedings{Zhang2006,
  author        = {Zhang, Fan and Sun, Hanqiu and Xu, Leilei and Lun, Lee Kit},
  title         = {Parallel-split shadow maps for large-scale virtual environments},
  booktitle     = {Proceedings of the 2006 ACM international conference on Virtual reality continuum and its applications},
  year          = {2006},
  organization  = {ACM},
  pages         = {311--318},
  __markedentry = {[sugawara:]},
}

@Misc{Zhang2007b,
  author        = {Zhang, Fan and Sun, Hanqiu and Nyman, Oskari},
  title         = {Parallel-split shadow maps on programmable GPUs. GPU Gems 3, chapter 10},
  year          = {2007},
  __markedentry = {[sugawara:]},
  publisher     = {Addison-Wesley},
}

@Comment{jabref-meta: databaseType:biblatex;}
