% Encoding: UTF-8

@InProceedings{Caloca2016,
  author    = {Rolando Caloca},
  title     = {Porting UE4 to Vulkan},
  booktitle = {SIGGRAPH: Khronos 3D Graphics BoF},
  year      = {2016},
}

@Comment{jabref-meta: databaseType:bibtex;}
