% Encoding: UTF-8

@Misc{Gyrling2017,
  author  = {Christian Gyrling},
  title   = {Cache Coherency and Multi-Core Programming},
  year    = {2017},
  url     = {http://www.swedishcoding.com/2017/11/10/multi-core-programming-and-cache-coherency/},
  urldate = {2017-11-19},
}

@Misc{Wikipedia:MESI,
  author  = {Wikipedia},
  title   = {MESIプロトコル},
  year    = {2017},
  url     = {https://ja.wikipedia.org/wiki/MESI%E3%83%97%E3%83%AD%E3%83%88%E3%82%B3%E3%83%AB},
  urldate = {2017-11-19},
}

@Comment{jabref-meta: databaseType:biblatex;}
