% Encoding: UTF-8

@Misc{Themaister2017,
  author  = {Themaister},
  title   = {Render graphs and Vulkan - a deep dive},
  year    = {2017},
  url     = {http://themaister.net/blog/2017/08/15/render-graphs-and-vulkan-a-deep-dive/},
  urldate = {2017-10-17},
}

@InProceedings{ODonnell2017,
  author    = {Yuriy O'Donnell},
  title     = {FrameGraph: Extensible Rendering Architecture in Frostbite},
  booktitle = {GDC 2017},
  year      = {2017},
}

@Comment{jabref-meta: databaseType:bibtex;}
