% Encoding: UTF-8

@Article{Dimitrov2007,
  author  = {Dimitrov, Rouslan},
  title   = {Cascaded shadow maps},
  journal = {Developer Documentation, NVIDIA Corp},
  year    = {2007},
}

@InProceedings{Zhang2006,
  author       = {Zhang, Fan and Sun, Hanqiu and Xu, Leilei and Lun, Lee Kit},
  title        = {Parallel-split shadow maps for large-scale virtual environments},
  booktitle    = {Proceedings of the 2006 ACM international conference on Virtual reality continuum and its applications},
  year         = {2006},
  organization = {ACM},
  pages        = {311--318},
}

@InProceedings{Stamminger2002,
  author       = {Stamminger, Marc and Drettakis, George},
  title        = {Perspective shadow maps},
  booktitle    = {ACM transactions on graphics (TOG)},
  year         = {2002},
  volume       = {21},
  number       = {3},
  organization = {ACM},
  pages        = {557--562},
}

@Misc{Fernandes2011,
  author  = {Ant{\'o}nio Ramires Fernandes},
  title   = {View Frustum Culliing},
  year    = {2011},
  url     = {http://www.lighthouse3d.com/tutorials/view-frustum-culling/},
  urldate = {2018-02-08},
}

@Article{Wimmer2004,
  author  = {Wimmer, Michael and Scherzer, Daniel and Purgathofer, Werner},
  title   = {Light space perspective shadow maps},
  journal = {Rendering Techniques},
  year    = {2004},
  volume  = {2004},
  pages   = {15th},
}

@Article{Martin2004,
  author        = {Martin, Tobias and Tan, Tiow Seng},
  title         = {Anti-aliasing and Continuity with Trapezoidal Shadow Maps.},
  journal       = {Rendering techniques},
  year          = {2004},
  volume        = {2004},
  pages         = {15th},
  __markedentry = {[sugawara:]},
}

@Comment{jabref-meta: databaseType:biblatex;}
