% Encoding: UTF-8

@InProceedings{Vale2017,
  author    = {Will Vale},
  title     = {Decima Engine: Visibility in Horizon Zero Dawn},
  booktitle = {GCAP},
  year      = {2017},
}

@Misc{Adinets2014,
  author  = {Andy Adinets},
  title   = {CUDA Pro Tip: Optimized Filtering with Warp-Aggregated Atomics},
  year    = {2014},
  url     = {https://devblogs.nvidia.com/parallelforall/cuda-pro-tip-optimized-filtering-warp-aggregated-atomics/},
  urldate = {2017-12-01},
}

@Comment{jabref-meta: databaseType:biblatex;}
