% Encoding: UTF-8

@InProceedings{Burley2012,
  author    = {Brent Burley},
  title     = {Physically Based Shading at Disney},
  booktitle = {SIGGRAPH 2012},
  year      = {2012},
}

@InProceedings{Heitz2014,
  author    = {Eric Heitz},
  title     = {Understanding the Masking-Shadowing Function in Microfacet-Based BRDFs},
  booktitle = {JCGT 2014},
  year      = {2014},
}

@InProceedings{Walter2007,
  author    = {Bruce Walter and Stephen R. Marschner and Hongsong Li and Kenneth E. Torrance},
  title     = {Microfacet Models for Refraction through Rough Surfaces},
  booktitle = {EGSR 2007},
  year      = {2007},
}

@Article{Karis2013,
  author  = {Karis, Brian},
  title   = {Real shading in unreal engine 4},
  journal = {Proc. Physically Based Shading Theory Practice},
  year    = {2013},
}

@InProceedings{Shirley1997,
  author       = {Shirley, Peter and Smits, Brian and Hu, Helen and Lafortune, Eric},
  title        = {A practitioners' assessment of light reflection models},
  booktitle    = {Computer Graphics and Applications, 1997. Proceedings., The Fifth Pacific Conference on},
  year         = {1997},
  pages        = {40--49},
  organization = {IEEE},
}

@InProceedings{Ashikmin2000,
  author        = {Ashikmin, Michael and Premo{\v{z}}e, Simon and Shirley, Peter},
  title         = {A microfacet-based BRDF generator},
  booktitle     = {Proceedings of the 27th annual conference on Computer graphics and interactive techniques},
  year          = {2000},
  pages         = {65--74},
  organization  = {ACM Press/Addison-Wesley Publishing Co.},
  __markedentry = {[sugawara:]},
}

@InProceedings{Oren1994,
  author        = {Oren, Michael and Nayar, Shree K},
  title         = {Generalization of Lambert's reflectance model},
  booktitle     = {Proceedings of the 21st annual conference on Computer graphics and interactive techniques},
  year          = {1994},
  pages         = {239--246},
  organization  = {ACM},
  __markedentry = {[sugawara:]},
}

@InProceedings{Hammon2017,
  author    = {Earl Hammon, Jr.},
  title     = {PBR Diffuse Lighting for GGX+Smith Microsurfaces},
  booktitle = {GDC},
  year      = {2017},
}

@Comment{jabref-meta: databaseType:biblatex;}
