% Encoding: UTF-8

@InProceedings{Witczak2016,
  author    = {Dominik Witczak and Daniel Rakos and Derrick Owens},
  title     = {The Most Common Vulkan Mistakes},
  booktitle = {University of Lodz},
  year      = {2016},
}

@Comment{jabref-meta: databaseType:bibtex;}
