% Encoding: UTF-8

@InProceedings{Kakimoto2015,
  author    = {Masanori Kakimoto},
  title     = {Optics - Real-time Rendering of Physically Based Optical Effects in Theory and Practice},
  booktitle = {SIGGRAPH},
  year      = {2015},
}

@Misc{Wikipedia:Vignetting,
  author  = {Wikipedia},
  title   = {Vignetting},
  year    = {2017},
  url     = {https://en.wikipedia.org/wiki/Vignetting},
  urldate = {2017-11-19},
}

@Comment{jabref-meta: databaseType:biblatex;}
