% Encoding: UTF-8

@InProceedings{Sellers2016b,
  author    = {Graham Sellers and Timothy Lottes and Matth{\"a}us Chajdas},
  title     = {Vulkan Fast Paths},
  booktitle = {GDC},
  year      = {2016},
}

@Comment{jabref-meta: databaseType:biblatex;}
