% Encoding: UTF-8

@InProceedings{Archard2016,
  author    = {Dan Archard},
  title     = {Pipeline State Object Caching},
  booktitle = {SIGGRAPH: Khronos 3D Graphics BoF},
  year      = {2016},
}

@Comment{jabref-meta: databaseType:bibtex;}
