% Encoding: UTF-8

@Article{Gritz2008,
  author  = {Gritz, Larry and d'Eon, Eugene},
  title   = {The importance of being linear},
  journal = {GPU Gems},
  year    = {2008},
  volume  = {3},
  number  = {4},
}

@Book{Reinhard2010,
  author    = {Reinhard, Erik and Heidrich, Wolfgang and Debevec, Paul and Pattanaik, Sumanta and Ward, Greg and Myszkowski, Karol},
  title     = {High dynamic range imaging: acquisition, display, and image-based lighting},
  year      = {2010},
  publisher = {Morgan Kaufmann},
}

@Misc{Cook2008,
  author = {David Cook and Jason Gould},
  title  = {Xbox Textures --- Formats, Conversion, Fetching and Performance},
  year   = {2008},
}

@InProceedings{Kaplanyan2010,
  author    = {Kaplanyan, Anton},
  title     = {Real-time diffuse global illumination in cryengine 3},
  booktitle = {SIGGRAPH},
  year      = {2010},
  publisher = {Citeseer},
}

@InProceedings{Hoffman2010,
  author    = {Naty Hoffman and Gotanda Yoshiharu and Adam Martinez and Ben Snow},
  title     = {Physically-Based Shading Models in Film and Game Production},
  booktitle = {SIGGRAPH},
  year      = {2010},
}

@InProceedings{Fernando2005,
  author       = {Fernando, Randima},
  title        = {Percentage-closer soft shadows},
  booktitle    = {ACM SIGGRAPH 2005 Sketches},
  year         = {2005},
  organization = {ACM},
  pages        = {35},
}

@Article{Grosch2010,
  author    = {Grosch, Thorsten and Ritschel, Tobias},
  title     = {Screen-space directional occlusion},
  journal   = {GPU Pro},
  year      = {2010},
  pages     = {215--230},
  publisher = {AK Peters},
}

@InProceedings{Borshukov2005,
  author       = {Borshukov, George and Lewis, John P},
  title        = {Realistic human face rendering for the matrix reloaded},
  booktitle    = {ACM Siggraph 2005 Courses},
  year         = {2005},
  organization = {ACM},
  pages        = {13},
}

@InProceedings{Sousa2008,
  author    = {Sousa, Tiago},
  title     = {Crysis next gen effects},
  booktitle = {Game Developers Conference},
  year      = {2008},
}

@InProceedings{Debevec1998,
  author        = {Debevec, Paul E and Malik, Jitendra},
  title         = {Recovering high dynamic range radiance maps from photographs},
  booktitle     = {SIGGRAPH},
  year          = {1998},
  organization  = {ACM},
  pages         = {31},
  __markedentry = {[sugawara:]},
}

@Article{Cyril2005,
  author  = {Pichard Cyril and Michelin Sylvain and Tubach Olivier},
  title   = {Photographic Depth of Field Rendering},
  journal = {WSCG},
  year    = {2005},
}

@InProceedings{Sousa2011,
  author    = {Tiago Sousa and Nickolay Kasyan and Nicolas Schulz},
  title     = {Secrets of CryENGINE 3 Graphics Technology},
  booktitle = {SIGGRAPH Course: Advances in Real-Time Rendering in 3D Graphics and Games},
  year      = {2011},
}

@Comment{jabref-meta: databaseType:biblatex;}
