% Encoding: UTF-8

@InProceedings{Kawase2015b,
  author    = {Masaki Kawase},
  title     = {Making Your Bokeh Fascinating},
  booktitle = {SIGGRAPH Courses: Real-Time Rendering of Physically Based Optical Effects in THeory and Practice},
  year      = {2015},
}

@InProceedings{Kawase2008,
  author    = {Masaki Kawase},
  title     = {レンダリスト養成講座2.0〜光学に基づいたボケ味の表現〜},
  booktitle = {CEDEC},
  year      = {2008},
}

@InProceedings{Kawase2012,
  author    = {Masaki Kawase},
  title     = {実践！シネマティックレンズエフェクトー光学に基づいたボケ味の表現ーーアナモルフィックレンズエフェクトー},
  booktitle = {CEDEC},
  year      = {2012},
}

@InProceedings{Kawase2009,
  author    = {Masaki Kawase},
  title     = {続・レンダリスト養成講座〜アンチ縮小バッファアーティファクト〜},
  booktitle = {CEDEC},
  year      = {2009},
}

@Comment{jabref-meta: databaseType:biblatex;}
