% Encoding: UTF-8

@InProceedings{Gneiting2016,
  author    = {Axel Gneiting},
  title     = {Porting DOOM to Vulkan},
  booktitle = {SIGGRAPH: Khronos 3D Graphics BoF},
  year      = {2016},
}

@Comment{jabref-meta: databaseType:biblatex;}
