% Encoding: UTF-8

@InProceedings{Hector2016,
  author    = {Tobias Hector},
  title     = {Best Practices: Render Passes \& Scheduling},
  booktitle = {SIGGRAPH: Khronos 3D Graphics BoF},
  year      = {2016},
}

@InProceedings{Sellers2016a,
  author    = {Graham Sellers and Timothy Lottes and Matth{\"a}us Chajdas},
  title     = {Vulkan Fast Paths},
  booktitle = {GDC},
  year      = {2016},
}

@Comment{jabref-meta: databaseType:biblatex;}
