% Encoding: UTF-8

@InProceedings{Drobot2017,
  author    = {Michal Drobot},
  title     = {Improved Culling for Tiled and Clustered Rendering},
  booktitle = {SIGGRAPH Course: Advances in Real-Time Rendering in Games},
  year      = {2017},
}

@InProceedings{Drobot2017b,
  author    = {Michal Drobot},
  title     = {Rendering of Call of Duty: Infinite Warfare},
  booktitle = {Digital Dragons},
  year      = {2017},
}

@InProceedings{Heitz2016,
  author    = {Eric Heitz and Jonathan Dupuy and Stephen Hill and David Neubelt},
  title     = {Real-Time Polygonal-Light Shading with Linearly Transformed Cosines},
  booktitle = {SIGGRAPH 2016},
  year      = {2016},
}

@InProceedings{Kasyan2011,
  author    = {Nickolay Kasyan and Nicolas Schulz and Tiago Sousa},
  title     = {Secrets of CryENGINE 3 Graphics Technology},
  booktitle = {SIGGRAPH Course: Advances in Real-Time Rendering in 3D Graphics and Games},
  year      = {2011},
}

@InProceedings{Hargreaves2004,
  author    = {Shawn Hargreaves},
  title     = {Deferred Shading},
  booktitle = {GDC},
  year      = {2004},
}

@InProceedings{Thibieroz2011,
  author    = {Nicolas Thibieroz},
  title     = {Deferred Shading Optimizations},
  booktitle = {GDC},
  year      = {2011},
}

@InProceedings{Drobot2014,
  author    = {Michal Drobot},
  title     = {Low Level Optimizations for GCN},
  booktitle = {Digital Dragons},
  year      = {2014},
}

@Misc{Wronski2017,
  author  = {Bart Wronski},
  title   = {Cull That Cone},
  year    = {2017},
  url     = {https://bartwronski.com/2017/04/13/cull-that-cone/},
  urldate = {2017-10-11},
}

@Comment{jabref-meta: databaseType:biblatex;}
