% Encoding: UTF-8

@InProceedings{Garawany2016,
  author    = {Ramy El Garawany},
  title     = {Deferred Lighting in Uncharted 4},
  booktitle = {SIGGRAPH Course: Advances in Real-Time Rendering in Games},
  year      = {2016},
}

@InProceedings{Coffin2011,
  author    = {Christina Coffin},
  title     = {SPU Based Deferred Shading in Battlefield 3 for Playstation 3},
  booktitle = {GDC},
  year      = {2011},
}

@InProceedings{Lagarde2014,
  author    = {SÃ©bastien Lagarde and Charles de Rousiers},
  title     = {Moving Frostbite to Physically Based Rendering},
  booktitle = {SIGGRAPH 2014},
  year      = {2014},
}

@Article{Drobot2014,
  author  = {Drobot, Michal},
  title   = {Physically based area lights},
  journal = {GPU Pro},
  year    = {2014},
  volume  = {5},
  pages   = {67--100},
}

@Article{Mazonka2012,
  author        = {Mazonka, Oleg},
  title         = {Solid angle of conical surfaces, polyhedral cones, and intersecting spherical caps},
  journal       = {arXiv preprint arXiv:1205.1396},
  year          = {2012},
  __markedentry = {[sugawara:]},
}

@InProceedings{Klehm2011,
  author        = {Klehm, Oliver and Ritschel, Tobias and Eisemann, Elmar and Seidel, Hans-Peter},
  title         = {Bent Normals and Cones in Screen-space.},
  booktitle     = {VMV},
  year          = {2011},
  pages         = {177--182},
  __markedentry = {[sugawara:]},
}

@Comment{jabref-meta: databaseType:biblatex;}
