% Encoding: UTF-8

@InProceedings{Hebert2016,
  author    = {Chris Hebert},
  title     = {Moving Forward with Vulkan - Pipelining Memory Operations},
  booktitle = {SIGGRAPH: Khronos 3D Graphics BoF},
  year      = {2016},
}

@Comment{jabref-meta: databaseType:biblatex;}
