% Encoding: UTF-8

@InProceedings{Wihlidal2016,
  author    = {Graham Wihlidal},
  title     = {Optimizing the Graphics Pipeline With Compute},
  booktitle = {GDC},
  year      = {2016},
}

@InProceedings{Lauritzen2010,
  author    = {Lauritzen, Andrew and Salvi, Marco and Lefohn, Aaron},
  title     = {Sample distribution shadow maps},
  booktitle = {SIGGRAPH Course: Adances in Real-Time in 3D Graphics and Games},
  year      = {2010},
}

@InProceedings{Haar2015,
  author    = {Ulrich Haar and Sebastian Aaltonen},
  title     = {GPU-Driven Rendering Pipelines},
  booktitle = {SIGGRAPH Course: Advances in Real-Time Rendering in Games},
  year      = {2015},
}

@InProceedings{Niesner2012,
  author    = {Nie{\ss}ner, Matthias and Loop, Charles},
  title     = {Patch-based occlusion culling for hardware tessellation},
  booktitle = {Computer Graphics International},
  year      = {2012},
  volume    = {2},
}

@InProceedings{Brainerd2014,
  author    = {Wade Brainerd},
  title     = {Tessellation in Call of Duty: Ghosts},
  booktitle = {SIGGRAPH Course: Advances in Real-Time Rendering in Games},
  year      = {2014},
}

@InProceedings{Andersson2015,
  author    = {Johan Andersson},
  title     = {The Rendering Pipeline - Challenges \& Next Steps},
  booktitle = {SIGGRAPH Couse: Open Problems in Real-Time Rendering},
  year      = {2015},
}

@Article{Barequet2005,
  author        = {Barequet, Gill and Elber, Gershon},
  title         = {Optimal bounding cones of vectors in three dimensions},
  journal       = {Information Processing Letters},
  year          = {2005},
  volume        = {93},
  number        = {2},
  pages         = {83--89},
  __markedentry = {[sugawara:]},
  publisher     = {Elsevier},
}

@Article{Mara2013,
  author  = {Michael Mara and Morgan McGuire},
  title   = {2D Polyhedral Bounds of a Clipped, Perspective-Projected 3D Sphere},
  journal = {Journal of Computer Graphics Techniques},
  year    = {2013},
}

@Book{AMD2012,
  author = {AMD},
  title  = {Reference Guide - Southern Islands Series Instruction Set Architecture},
  year   = {2012},
}

@InProceedings{Evans2015,
  author    = {Alex Evans},
  title     = {Learning from failure: ASurvey of Promising, Unconventional and Mostly Abandoned Renderers for 'Dreams PS4', a Geometrically Dense, Painterly UGC Game},
  booktitle = {SIGGRAPH Course: Advances in Real-Time Rendering in Games},
  year      = {2015},
}

@InProceedings{Olano1997,
  author    = {Marc Olano and Trey Greer},
  title     = {Triangle scan conversion using 2D homogeneous coordinates},
  booktitle = {Proceedings of the ACM SIGGRAPH/EUROGRAPHICS Workshop on Graphics Hardware},
  year      = {1997},
}

@InProceedings{Blinn1978,
  author    = {Blinn, Jim and Newell, Martin},
  title     = {Clipping Using Homogeneous Coordinates},
  booktitle = {SIGGRAPH},
  year      = {1978},
}

@Misc{Harris2007,
  author  = {Mark Harris},
  title   = {Optimizing Parallel Reduction in CUDA},
  year    = {2007},
  url     = {http://developer.download.nvidia.com/compute/cuda/1.1-Beta/x86_website/projects/reduction/doc/reduction.pdf},
  urldate = {2017-10-03},
}

@Misc{Rakos2010,
  author  = {Daniel R{\'a}kos},
  title   = {Hierarchical-Z map based occlusion culling - Rastergrid},
  year    = {2010},
  url     = {http://rastergrid.com/blog/2010/10/hierarchical-z-map-based-occlusion-culling/},
  urldate = {2017-10-03},
}

@Misc{Darnell2010,
  author  = {Nick Darnell},
  title   = {Hierarchical Z-Buffer Occlusion Culling},
  year    = {2010},
  url     = {http://www.nickdarnell.com/hierarchical-z-buffer-occlusion-culling/},
  urldate = {2017-10-03},
}

@Misc{AMD2013,
  author  = {AMD},
  title   = {GCN Performance Tweets},
  year    = {2013},
  url     = {http://developer.amd.com/wordpress/media/2013/05/GCNPerformanceTweets.pdf},
  urldate = {2017-10-03},
}

@Comment{jabref-meta: databaseType:biblatex;}
