% Encoding: UTF-8

@InProceedings{Haar2015,
  author    = {Haar, Ulrich and Aaltonen, Sebastian},
  title     = {Gpu-driven rendering pipelines},
  booktitle = {ACM SIGGRAPH},
  year      = {2015},
}

@Article{Riccio2013,
  author    = {Riccio, Christophe and Lilley, Sean},
  title     = {Introducing the programmable vertex pulling rendering pipeline},
  journal   = {GPU Pro 4: Advanced Rendering Techniques},
  year      = {2013},
  volume    = {4},
  pages     = {21},
  publisher = {CRC Press},
}

@InProceedings{Greene1993,
  author       = {Greene, Ned and Kass, Michael and Miller, Gavin},
  title        = {Hierarchical Z-buffer visibility},
  booktitle    = {Proceedings of the 20th annual conference on Computer graphics and interactive techniques},
  year         = {1993},
  organization = {ACM},
  pages        = {231--238},
}

@InProceedings{Shopf2008,
  author       = {Shopf, Jeremy and Barczak, Joshua and Oat, Christopher and Tatarchuk, Natalya},
  title        = {March of the Froblins: simulation and rendering massive crowds of intelligent and detailed creatures on GPU},
  booktitle    = {ACM SIGGRAPH 2008 Games},
  year         = {2008},
  organization = {ACM},
  pages        = {52--101},
}

@Article{Hill2011,
  author  = {Hill, Stephen and Collin, Daniel},
  title   = {Practical, dynamic visibility for games},
  journal = {Gpu Pro},
  year    = {2011},
  volume  = {2},
  number  = {1},
  pages   = {329--330},
}

@Misc{Silvennoinen2012,
  author  = {Ari Silvennoinen},
  title   = {Chasing Shadows},
  year    = {2012},
  url     = {https://users.aalto.fi/~silvena4/Publications/Chasing_Shadows.pdf},
  urldate = {2017-12-09},
}

@Misc{Hall1999,
  author  = {Chriss Hall},
  editor  = {3DLabs Inc.},
  title   = {Virtual Textures - Texture Management in Silicon},
  year    = {1999},
  url     = {http://www.graphicshardware.org/previous/www_1999/presentations/v-textures.pdf},
  urldate = {2017-12-09},
}

@Misc{Aufderheide2007,
  author  = {Matt Aufderheide},
  title   = {Deferred Texture Mapping? - gamedev.net forum},
  year    = {2007},
  url     = {https://www.gamedev.net/forums/topic/471781-deferred-texture-mapping/},
  urldate = {2017-12-09},
}

@Misc{Frykholm2009,
  author  = {Niklas Frykholm},
  title   = {The BitSquid low level animation system},
  year    = {2009},
  url     = {http://bitsquid.blogspot.jp/2009/11/bitsquid-low-level-animation-system.html},
  urldate = {2017-12-09},
}

@InProceedings{Fernando2001,
  author        = {Fernando, Randima and Fernandez, Sebastian and Bala, Kavita and Greenberg, Donald P},
  title         = {Adaptive shadow maps},
  booktitle     = {Proceedings of the 28th annual conference on Computer graphics and interactive techniques},
  year          = {2001},
  organization  = {ACM},
  pages         = {387--390},
  __markedentry = {[sugawara:]},
}

@InProceedings{Lauritzen2011,
  author        = {Lauritzen, Andrew and Salvi, Marco and Lefohn, Aaron},
  title         = {Sample distribution shadow maps},
  booktitle     = {Symposium on Interactive 3D Graphics and Games},
  year          = {2011},
  organization  = {ACM},
  pages         = {97--102},
  __markedentry = {[sugawara:]},
}

@Comment{jabref-meta: databaseType:biblatex;}
