% Encoding: UTF-8

@InProceedings{Gotanda2015,
  author    = {Yoshiharu Gotanda},
  title     = {Real Camera - Real-Time Rendering of Physically Based Optical Effects in THeory and Practice},
  booktitle = {SIGGRAPH},
  year      = {2015},
}

@Comment{jabref-meta: databaseType:biblatex;}
