@InProceedings{Chajdas2016,
  author    = {Matth{\"a}us G. Chajdas},
  title     = {D3D12 and Vulkan: Lessons learned},
  booktitle = {GDC},
  year      = {2016},
}
