% Encoding: UTF-8

@InProceedings{McLaren2015,
  author    = {James McLaren},
  title     = {The Technology of The Tomorrow Children},
  booktitle = {GDC},
  year      = {2015},
}

@InProceedings{Crassin2011,
  author        = {Crassin, Cyril and Neyret, Fabrice and Sainz, Miguel and Green, Simon and Eisemann, Elmar},
  title         = {Interactive indirect illumination using voxel cone tracing},
  booktitle     = {Computer Graphics Forum},
  year          = {2011},
  volume        = {30},
  number        = {7},
  organization  = {Wiley Online Library},
  pages         = {1921--1930},
  __markedentry = {[sugawara:]},
}

@InProceedings{Kaplanyan2010,
  author        = {Kaplanyan, Anton and Dachsbacher, Carsten},
  title         = {Cascaded light propagation volumes for real-time indirect illumination},
  booktitle     = {Proceedings of the 2010 ACM SIGGRAPH symposium on Interactive 3D Graphics and Games},
  year          = {2010},
  organization  = {ACM},
  pages         = {99--107},
  __markedentry = {[sugawara:]},
}

@Comment{jabref-meta: databaseType:biblatex;}
