% Encoding: UTF-8

@Article{Haeberli1990,
  author    = {Haeberli, Paul and Akeley, Kurt},
  title     = {The accumulation buffer: hardware support for high-quality rendering},
  journal   = {ACM SIGGRAPH Computer Graphics},
  year      = {1990},
  volume    = {24},
  number    = {4},
  pages     = {309--318},
  publisher = {ACM},
}

@InProceedings{Blythe1999,
  author    = {Blythe, David and McReynolds, Tom},
  title     = {Programming with opengl: Advanced rendering},
  booktitle = {SIGGRAPH},
  year      = {1999},
  volume    = {96},
  pages     = {27--28},
}

@InProceedings{Green2003,
  author       = {Green, Simon and others},
  title        = {Stupid opengl shader tricks},
  booktitle    = {Advanced OpenGL Game Programming Course, Game Developers Conference},
  year         = {2003},
  organization = {Citeseer},
}

@InProceedings{Sousa2008,
  author    = {Sousa, Tiago},
  title     = {Crysis next gen effects},
  booktitle = {Game Developers Conference},
  year      = {2008},
}

@Misc{Swoboda2009,
  author  = {Swoboda, M},
  title   = {Deferred Rendering in FrameRanger},
  year    = {2009},
  url     = {https://directtovideo.wordpress.com/2009/11/13/deferred-rendering-in-frameranger/},
  urldate = {2018-01-09},
}

@InProceedings{Yang2009,
  author        = {Yang, Lei and Nehab, Diego and Sander, Pedro V and Sitthi-amorn, Pitchaya and Lawrence, Jason and Hoppe, Hugues},
  title         = {Amortized supersampling},
  booktitle     = {ACM Transactions on Graphics (TOG)},
  year          = {2009},
  volume        = {28},
  number        = {5},
  organization  = {ACM},
  pages         = {135},
  __markedentry = {[sugawara:]},
}

@Misc{Binks2011,
  author  = {Binks, D.},
  title   = {Dynamic Resolution Rendering},
  year    = {2011},
  url     = {https://software.intel.com/en-us/articles/dynamic-resolution-rendering-sample},
  urldate = {2018-01-09},
}

@InProceedings{Sousa2011,
  author    = {Tiago Sousa and Nickolay Kasyan and Nicolas Schulz},
  title     = {Secrets of CryENGINE 3 Graphics Technology},
  booktitle = {SIGGRAPH Course: Advances in Real-Time Rendering in 3D Graphics and Games},
  year      = {2011},
}

@InProceedings{Sousa2011b,
  author    = {Tiago Sousa},
  title     = {Anti-Aliasing Methods in CryENGINE 3},
  booktitle = {SIGGRAPH Courses: Filtering Approaches for Real-Time Anti-Aliasing},
  year      = {2011},
}

@Comment{jabref-meta: databaseType:biblatex;}
