% Encoding: UTF-8
@inproceedings{Reinhard2002,
    author = {Reinhard, Erik and Stark, Michael and Shirley, Peter and Ferwerda, James},
    title = {Photographic Tone Reproduction for Digital Images},
    booktitle = {SIGGRAPH 2002},
    year = {2002},
    url = {https://www.cs.utah.edu/~reinhard/cdrom},
}

@inproceedings{Hable2010,
    author = {Hable, John},
    title = {Uncharted 2: HDR Lighting},
    booktitle = {GDC 2010},
    year = {2010},
    url = {http://www.gdcvault.com/play/1012459/Uncharted-2-HDR},
}

@inproceedings{Fry2017,
    author = {Fry, Alex},
    title = {High Dynamic Range color grading and display in Frostbite},
    booktitle = {GDC 2017},
    year = {2017},
    url = {https://www.slideshare.net/DICEStudio/high-dynamic-range-color-grading-and-display-in-frostbite},
}

@InProceedings{Duiker2010,
  author    = {Duiker, Haarm-Pieter},
  title     = {Filmic Tonemapping for Real-time Rendering},
  booktitle = {SIGGRAPH 2010 Color Course},
  year      = {2010},
}

@Comment{jabref-meta: databaseType:biblatex;}
