% Encoding: UTF-8

@InProceedings{McGuire2016,
  author       = {McGuire, Morgan and Mara, Michael},
  title        = {A phenomenological scattering model for order-independent transparency},
  booktitle    = {Proceedings of the 20th ACM SIGGRAPH Symposium on Interactive 3D Graphics and Games},
  year         = {2016},
  organization = {ACM},
  pages        = {149--158},
}

@InProceedings{Peters2015,
  author       = {Peters, Christoph and Klein, Reinhard},
  title        = {Moment shadow mapping},
  booktitle    = {Proceedings of the 19th Symposium on Interactive 3D Graphics and Games},
  year         = {2015},
  organization = {ACM},
  pages        = {7--14},
}

@InProceedings{Donnelly2006,
  author       = {Donnelly, William and Lauritzen, Andrew},
  title        = {Variance shadow maps},
  booktitle    = {Proceedings of the 2006 symposium on Interactive 3D graphics and games},
  year         = {2006},
  organization = {ACM},
  pages        = {161--165},
}

@InProceedings{Delalandre2011,
  author       = {Delalandre, Cyril and Gautron, Pascal and Marvie, Jean-Eudes and Fran{\c{c}}ois, Guillaume},
  title        = {Transmittance function mapping},
  booktitle    = {Symposium on Interactive 3D Graphics and Games},
  year         = {2011},
  organization = {ACM},
  pages        = {31--38},
}

@InProceedings{Fernando2005,
  author       = {Fernando, Randima},
  title        = {Percentage-closer soft shadows},
  booktitle    = {ACM SIGGRAPH 2005 Sketches},
  year         = {2005},
  organization = {ACM},
  pages        = {35},
}

@InProceedings{Lauritzen2007,
  author       = {Lauritzen, Andrew and Mccool, Michael},
  title        = {Summed-area variance shadow maps},
  booktitle    = {GPU Gems},
  year         = {2007},
  organization = {Citeseer},
}

@Article{Salvi2008,
  author  = {Salvi, Marco},
  title   = {Rendering filtered shadows with exponential shadow maps},
  journal = {ShaderX 6.0-Advanced Rendering Techniques},
  year    = {2008},
}

@InProceedings{Yang2010,
  author       = {Yang, Baoguang and Dong, Zhao and Feng, Jieqing and Seidel, Hans-Peter and Kautz, Jan},
  title        = {Variance soft shadow mapping},
  booktitle    = {Computer Graphics Forum},
  year         = {2010},
  volume       = {29},
  number       = {7},
  organization = {Wiley Online Library},
  pages        = {2127--2134},
}

@InProceedings{Shen2013,
  author       = {Shen, Li and Feng, Jieqing and Yang, Baoguang},
  title        = {Exponential soft shadow mapping},
  booktitle    = {Computer graphics forum},
  year         = {2013},
  volume       = {32},
  number       = {4},
  organization = {Wiley Online Library},
  pages        = {107--116},
}

@Article{Klehm2014,
  author    = {Klehm, Oliver and Seidel, Hans-Peter and Eisemann, Elmar},
  title     = {Filter-based real-time single scattering using rectified shadow maps},
  journal   = {Journal of Computer Graphics Techniques},
  year      = {2014},
  volume    = {3},
  number    = {3},
  pages     = {7--34},
  publisher = {Williams College},
}

@InProceedings{Crow1984,
  author       = {Crow, Franklin C},
  title        = {Summed-area tables for texture mapping},
  booktitle    = {ACM SIGGRAPH computer graphics},
  year         = {1984},
  volume       = {18},
  number       = {3},
  organization = {ACM},
  pages        = {207--212},
}

@InProceedings{Reeves1987,
  author       = {Reeves, William T and Salesin, David H and Cook, Robert L},
  title        = {Rendering antialiased shadows with depth maps},
  booktitle    = {ACM Siggraph Computer Graphics},
  year         = {1987},
  volume       = {21},
  number       = {4},
  organization = {ACM},
  pages        = {283--291},
}

@InProceedings{Annen2008b,
  author       = {Annen, Thomas and Mertens, Tom and Seidel, Hans-Peter and Flerackers, Eddy and Kautz, Jan},
  title        = {Exponential shadow maps},
  booktitle    = {Proceedings of graphics interface 2008},
  year         = {2008},
  organization = {Canadian Information Processing Society},
  pages        = {155--161},
}

@InProceedings{Annen2007,
  author       = {Annen, Thomas and Mertens, Tom and Bekaert, Philippe and Seidel, Hans-Peter and Kautz, Jan},
  title        = {Convolution shadow maps},
  booktitle    = {Proceedings of the 18th Eurographics conference on Rendering Techniques},
  year         = {2007},
  organization = {Eurographics Association},
  pages        = {51--60},
}

@InProceedings{Lauritzen2008,
  author       = {Lauritzen, Andrew and McCool, Michael},
  title        = {Layered variance shadow maps},
  booktitle    = {Proceedings of graphics interface 2008},
  year         = {2008},
  organization = {Canadian Information Processing Society},
  pages        = {139--146},
}

@Book{Krein1977,
  author = {M. G. Krein and A. A. Nudelman},
  title  = {The Markov Moment Problem and Extremal Problems},
  year   = {1977},
}

@InProceedings{Salvi2010,
  author       = {Salvi, Marco and Vidim{\v{c}}e, Kiril and Lauritzen, Andrew and Lefohn, Aaron},
  title        = {Adaptive volumetric shadow maps},
  booktitle    = {Computer Graphics Forum},
  year         = {2010},
  volume       = {29},
  number       = {4},
  organization = {Wiley Online Library},
  pages        = {1289--1296},
}

@InProceedings{Enderton2010,
  author    = {Enderton, Eric and Sintorn, Erik and Shirley, Peter and Luebke, David},
  title     = {Stochastic Transparency},
  booktitle = {Proceedings of the 2010 ACM SIGGRAPH Symposium on Interactive 3D Graphics and Games},
  year      = {2010},
  series    = {I3D '10},
  publisher = {ACM},
  location  = {Washington, D.C.},
  isbn      = {978-1-60558-939-8},
  pages     = {157--164},
  doi       = {10.1145/1730804.1730830},
  url       = {http://doi.acm.org/10.1145/1730804.1730830},
  acmid     = {1730830},
  address   = {New York, NY, USA},
  keywords  = {deep shadow maps, foliage, hair, order-independent transparency, rendering, smoke},
  numpages  = {8},
}

@InProceedings{McGuire2011,
  author    = {McGuire, Morgan and Enderton, Eric},
  title     = {Colored Stochastic Shadow Maps},
  booktitle = {Symposium on Interactive 3D Graphics and Games},
  year      = {2011},
  series    = {I3D '11},
  publisher = {ACM},
  location  = {San Francisco, California},
  isbn      = {978-1-4503-0565-5},
  pages     = {89--96},
  doi       = {10.1145/1944745.1944760},
  url       = {http://doi.acm.org/10.1145/1944745.1944760},
  acmid     = {1944760},
  address   = {New York, NY, USA},
  keywords  = {shadow map, stochastic transparency},
  numpages  = {8},
}

@InProceedings{Jansen2010,
  author       = {Jansen, Jon and Bavoil, Louis},
  title        = {Fourier opacity mapping},
  booktitle    = {Proceedings of the 2010 ACM SIGGRAPH symposium on Interactive 3D Graphics and Games},
  year         = {2010},
  organization = {ACM},
  pages        = {165--172},
}

@Article{Peters2017,
  author  = {Peters, Christoph and M{\"u}nstermann, Cedrick and Wetzstein, Nico and Klein, Reinhard},
  title   = {Improved Moment Shadow Maps for Translucent Occluders, Soft Shadows and Single Scattering},
  journal = {Journal of Computer Graphics Techniques Vol},
  year    = {2017},
  volume  = {6},
  number  = {1},
}

@Article{Annen2008,
  author     = {Annen, Thomas and Dong, Zhao and Mertens, Tom and Bekaert, Philippe and Seidel, Hans-Peter and Kautz, Jan},
  title      = {Real-time, All-frequency Shadows in Dynamic Scenes},
  journal    = {ACM Trans. Graph.},
  year       = {2008},
  volume     = {27},
  number     = {3},
  month      = aug,
  pages      = {34:1--34:8},
  issn       = {0730-0301},
  doi        = {10.1145/1360612.1360633},
  url        = {http://doi.acm.org/10.1145/1360612.1360633},
  acmid      = {1360633},
  address    = {New York, NY, USA},
  articleno  = {34},
  issue_date = {August 2008},
  keywords   = {convolution, environment maps, soft shadows},
  numpages   = {8},
  publisher  = {ACM},
}

@InProceedings{Dou2014,
  author       = {Dou, Hang and Yan, Yajie and Kerzner, Ethan and Dai, Zeng and Wyman, Chris},
  title        = {Adaptive depth bias for shadow maps},
  booktitle    = {Proceedings of the 18th meeting of the ACM SIGGRAPH Symposium on Interactive 3D Graphics and Games},
  year         = {2014},
  organization = {ACM},
  pages        = {97--102},
}

@InProceedings{Toth2009,
  author       = {T{\'o}th, Bal{\'a}zs and Umenhoffer, Tam{\'a}s},
  title        = {Real-time Volumetric Lighting in Participating Media.},
  booktitle    = {Eurographics (Short Papers)},
  year         = {2009},
  organization = {Citeseer},
  pages        = {57--60},
}

@InProceedings{Wyman2011,
  author       = {Wyman, Chris},
  title        = {Voxelized shadow volumes},
  booktitle    = {Proceedings of the ACM SIGGRAPH Symposium on High Performance Graphics},
  year         = {2011},
  organization = {ACM},
  pages        = {33--40},
}

@InProceedings{Chen2011,
  author       = {Chen, Jiawen and Baran, Ilya and Durand, Fr{\'e}do and Jarosz, Wojciech},
  title        = {Real-time volumetric shadows using 1D min-max mipmaps},
  booktitle    = {Symposium on Interactive 3D Graphics and Games},
  year         = {2011},
  organization = {ACM},
  pages        = {PAGE--7},
}

@Article{Baran2010,
  author        = {Baran, Ilya and Chen, Jiawen and Ragan-Kelley, Jonathan and Durand, Fr{\'e}do and Lehtinen, Jaakko},
  title         = {A hierarchical volumetric shadow algorithm for single scattering},
  journal       = {ACM Transactions on Graphics (TOG)},
  year          = {2010},
  volume        = {29},
  number        = {6},
  pages         = {178},
  __markedentry = {[sugawara:]},
  publisher     = {ACM},
}

@Comment{jabref-meta: databaseType:biblatex;}
