% Encoding: UTF-8

@InProceedings{Neubelt2015,
  author    = {David Neubelt and Matt Pettineo},
  title     = {Advanced Lighting R\&D at Ready At Dawn Studios},
  booktitle = {SIGGRAPH 2015},
  year      = {2015},
}

@Misc{CIE2004,
  author  = {CIE},
  title   = {Spatial distribution of daylight --- CIE standard general sky},
  year    = {2004},
  url     = {https://www.iso.org/standard/38608.html},
  urldate = {2018-01-20},
}

@InProceedings{Preetham1999,
  author        = {Preetham, Arcot J and Shirley, Peter and Smits, Brian},
  title         = {A practical analytic model for daylight},
  booktitle     = {Proceedings of the 26th annual conference on Computer graphics and interactive techniques},
  year          = {1999},
  organization  = {ACM Press/Addison-Wesley Publishing Co.},
  pages         = {91--100},
  __markedentry = {[sugawara:]},
}

@Article{Hosek2012,
  author        = {Hosek, Lukas and Wilkie, Alexander},
  title         = {An analytic model for full spectral sky-dome radiance},
  journal       = {ACM Transactions on Graphics (TOG)},
  year          = {2012},
  volume        = {31},
  number        = {4},
  pages         = {95},
  __markedentry = {[sugawara:]},
  publisher     = {ACM},
}

@InProceedings{Lagarde2014,
  author    = {SÃ©bastien Lagarde and Charles de Rousiers},
  title     = {Moving Frostbite to Physically Based Rendering},
  booktitle = {SIGGRAPH 2014},
  year      = {2014},
}

@Misc{Hennessy2014,
  author  = {Padraic Hennessy},
  title   = {Implementing a Physically Based Camera: Manual Exposure},
  year    = {2014},
  url     = {https://placeholderart.wordpress.com/2014/11/21/implementing-a-physically-based-camera-manual-exposure/},
  urldate = {2018-01-20},
}

@InProceedings{Sousa2013,
  author    = {Tiago Sousa},
  title     = {CRYENGINE3 Graphics Gems},
  booktitle = {SIGGRAPH},
  year      = {2013},
}

@Comment{jabref-meta: databaseType:biblatex;}
