% Encoding: UTF-8

@InProceedings{Rodrigues2017,
  author    = {Tiago Rodrigues},
  title     = {Moving to DirectX 12: Lessons Learned},
  booktitle = {GDC},
  year      = {2017},
}

@InProceedings{Haar2015,
  author        = {Haar, Ulrich and Aaltonen, Sebastian},
  title         = {Gpu-driven rendering pipelines},
  booktitle     = {ACM SIGGRAPH},
  year          = {2015},
  __markedentry = {[sugawara:]},
}

@InProceedings{Oldcorn2015,
  author    = {Dave Oldcorn and Stephan Hodes and Max McMullen and Dan Baker},
  title     = {D3D12 A new meaning for efficiency and performance},
  booktitle = {GDC},
  year      = {2015},
}

@InProceedings{Thomas2016,
  author    = {Gareth Thomas and Alex Dunn},
  title     = {Practical DirectX 12 - Programming Model and Hardware Capabilities},
  booktitle = {GDC},
  year      = {2016},
}

@InProceedings{Hart2015,
  author    = {Evan Hart and Dave Oldcorn},
  title     = {Getting the best out of D3D12},
  booktitle = {GDC},
  year      = {2015},
}

@InProceedings{Hodes2016,
  author    = {Stephan Hodes and Dan Baker and Dave Oldcorn},
  title     = {Right on Queue},
  booktitle = {GDC},
  year      = {2016},
}

@Comment{jabref-meta: databaseType:biblatex;}
