% Encoding: UTF-8

@InProceedings{Sousa2013,
  author    = {Tiago Sousa},
  title     = {CRYENGINE3 Graphics Gems},
  booktitle = {SIGGRAPH},
  year      = {2013},
}

@InProceedings{Thibieroz2011,
  author    = {Nicolas Thibieroz},
  title     = {Deferred Shading Optimizations},
  booktitle = {GDC},
  year      = {2011},
}

@InProceedings{Thibieroz2013,
  author    = {Nick Thibieroz and Holger Gruen},
  title     = {DirectX11 Performance Reloaded},
  booktitle = {GDC},
  year      = {2013},
}

@InProceedings{Jimenez2011,
  author    = {Jimenez, Jorge and Gutierrez, Diego and Yang, Jason and Reshetov, Alexander and Demoreuille, Pete and Berghoff, Tobias and Perthuis, Cedric and Yu, Henry and McGuire, Morgan and Lottes, Timothy and others},
  title     = {Filtering approaches for real-time anti-aliasing},
  booktitle = {SIGGRAPH Courses},
  year      = {2011},
  publisher = {August},
}

@Misc{Toksvig2004,
  author  = {Michael Toksvig},
  title   = {Mipmapping Normal Map},
  year    = {2004},
  url     = {http://developer.download.nvidia.com/whitepapers/2006/Mipmapping_Normal_Maps.pdf},
  urldate = {2017-12-03},
}

@InProceedings{Baker2011,
  author        = {Baker, Dan},
  title         = {Spectacular specular: LEAN and CLEAN specular highlights},
  booktitle     = {GDC},
  year          = {2011},
  __markedentry = {[sugawara:]},
}

@InProceedings{Hill2012,
  author    = {Stephen Hill and Dan Baker},
  title     = {Rock-Solid Shading: Image Stability without Sacrificing Detail},
  booktitle = {SIGGRAPH},
  year      = {2012},
}

@InProceedings{Sousa2011,
  author    = {Tiago Sousa},
  title     = {Anti-Aliasing Methods in CryENGINE 3},
  booktitle = {SIGGRAPH Cources: Filtering Approaches for Real-Time Anti-Aliasing},
  year      = {2011},
}

@Misc{Lottes2012,
  author = {Timothy Lottes},
  title  = {Nvidia TXAA},
  year   = {2012},
}

@InProceedings{Malan2012,
  author    = {Hugh Malan},
  title     = {Real-Time Global Illumination and Reflections in Dust 514},
  booktitle = {SIGGRAPH Cources},
  year      = {2012},
}

@Comment{jabref-meta: databaseType:biblatex;}
