% Encoding: UTF-8

@InProceedings{Reshetov2011,
  author    = {Alexander Reshetov},
  title     = {Morphological Anti-Aliasing},
  booktitle = {SIGGRAPH Courses: Filtering Approaches for Real-Time Anti-Aliasing},
  year      = {2011},
}

@InProceedings{Fattal2007,
  author       = {Fattal, Raanan},
  title        = {Image upsampling via imposed edge statistics},
  booktitle    = {ACM Transactions on Graphics (TOG)},
  year         = {2007},
  volume       = {26},
  number       = {3},
  organization = {ACM},
  pages        = {95},
}

@InProceedings{Kopf2011,
  author        = {Kopf, Johannes and Lischinski, Dani},
  title         = {Depixelizing pixel art},
  booktitle     = {ACM Transactions on graphics (TOG)},
  year          = {2011},
  volume        = {30},
  number        = {4},
  organization  = {ACM},
  pages         = {99},
  __markedentry = {[sugawara:]},
}

@Comment{jabref-meta: databaseType:biblatex;}
