% Encoding: UTF-8

@InProceedings{Thomas2017,
  author    = {Thomas, Gareth},
  title     = {D3D12 \& Vulkan Done Right},
  booktitle = {GDC 2017},
  year      = {2017},
}

@Comment{jabref-meta: databaseType:biblatex;}
